@book{franzone2014mathematical,
  publisher={Springer},
  year={2014},
  volume={13},
  title={Mathematical Cardiac Electrophysiology},
  author={Franzone, P.C. and Pavarino, L.F. and Scacchi, S.}
}

@book{quarteroni2019, 
publisher={Cambridge University Press},
year={2019},
title={{Mathematical Modelling of the Human Cardiovascular System: Data, Numerical Approximation, Clinical Applications}},
author={Quarteroni, A. and Ded{\`e}, L. and Manzoni, A. and Vergara, C.}
}

@article{courtemanche1998ionic,
  journal={American Journal of Physiology-Heart and Circulatory Physiology},
  year={1998},
  title={Ionic mechanisms underlying human atrial action potential properties: insights from a mathematical model},
  volume={275},
  pages={H301--H321},
  author={Courtemanche, M. and Ramirez, R.J. and Nattel, S.}
}

@article{aliev1996simple,
  journal={Chaos, Solitons \& Fractals},
  year={1996},
  title={A simple two-variable model of cardiac excitation},
  author={Aliev, R.R. and Panfilov, A.V.},
  volume={7},
  pages={293--301}
}
